<record><leader>00000cas a2200000 a 4500</leader><controlfield tag="001">12800284</controlfield><controlfield tag="008">851115d18351850tnuwr ne      0    0eng  </controlfield><datafield ind1=" " ind2=" " tag="010"><subfield code="a">sn 85042701 </subfield></datafield><datafield ind1=" " ind2=" " tag="040"><subfield code="a">DLC</subfield><subfield code="b">eng</subfield><subfield code="c">DLC</subfield><subfield code="d">KNP</subfield><subfield code="d">TGN</subfield><subfield code="d">OCL</subfield><subfield code="d">OCLCQ</subfield><subfield code="d">OCLCF</subfield><subfield code="d">OCLCO</subfield></datafield><datafield ind1=" " ind2=" " tag="042"><subfield code="a">msc</subfield></datafield><datafield ind1=" " ind2=" " tag="043"><subfield code="a">n-us-tn</subfield></datafield><datafield ind1="0" ind2="0" tag="050"><subfield code="a">Newspaper 9793-X</subfield></datafield><datafield ind1="0" ind2=" " tag="130"><subfield code="a">Tennessee democrat (Columbia, Tenn. : 1835)</subfield></datafield><datafield ind1="1" ind2="0" tag="245"><subfield code="a">Tennessee democrat.</subfield></datafield><datafield ind1=" " ind2=" " tag="260"><subfield code="a">Columbia, Tenn. :</subfield><subfield code="b">C.P. Bynum &amp; E. Cameron</subfield></datafield><datafield ind1=" " ind2=" " tag="300"><subfield code="a">v. ;</subfield><subfield code="c">55 cm.</subfield></datafield><datafield ind1=" " ind2=" " tag="310"><subfield code="a">Weekly,</subfield><subfield code="b">Dec. 6, 1944-Sept. 19, 1850</subfield></datafield><datafield ind1=" " ind2=" " tag="321"><subfield code="a">Weekly,</subfield><subfield code="b">July 9, 1835-June 20, 1844</subfield></datafield><datafield ind1=" " ind2=" " tag="321"><subfield code="a">Semiweekly,</subfield><subfield code="b">June 24-Nov. 30, 1944</subfield></datafield><datafield ind1="1" ind2=" " tag="362"><subfield code="a">Began with July 9, 1835 issue; ceased in 1850?</subfield><subfield code="z">Cf. NIM.</subfield></datafield><datafield ind1=" " ind2=" " tag="500"><subfield code="a">"Extra" edition published Oct. 6, 1836.</subfield></datafield><datafield ind1=" " ind2=" " tag="500"><subfield code="a">Publishers: C.P. Bynum &amp; E. Cameron, &lt;1835&gt;; Thomas Maddin, &lt;1837&gt;; James H. Thompson, &lt;1838-1840&gt;; Andrew M. Kerr, &lt;1841&gt;-1842; C.J. Dickson, 1842-1843; Dickerson &amp; Matthews, 1843-1844; C.J. Dickerson, 1844; John H. Rogers, 1844-&lt;1846&gt;; Jas. L Guest &amp; Benj. F. Buie, &lt;1850&gt;</subfield></datafield><datafield ind1=" " ind2=" " tag="530"><subfield code="a">Also issued on microfilm from Tennessee State Library and Archives.</subfield></datafield><datafield ind1=" " ind2=" " tag="588"><subfield code="a">Description based on: Vol. 1, no. 19 (Nov. 12, 1835).</subfield></datafield><datafield ind1=" " ind2="0" tag="651"><subfield code="a">Columbia (Tenn.)</subfield><subfield code="v">Newspapers.</subfield></datafield><datafield ind1=" " ind2="0" tag="651"><subfield code="a">Maury County (Tenn.)</subfield><subfield code="v">Newspapers.</subfield></datafield><datafield ind1=" " ind2="7" tag="655"><subfield code="a">Newspapers.</subfield><subfield code="2">fast</subfield><subfield code="0">(OCoLC)fst01423814</subfield></datafield><datafield ind1=" " ind2="7" tag="651"><subfield code="a">Tennessee</subfield><subfield code="z">Columbia.</subfield><subfield code="2">fast</subfield><subfield code="0">(OCoLC)fst01226750</subfield></datafield><datafield ind1=" " ind2="7" tag="651"><subfield code="a">Tennessee</subfield><subfield code="z">Maury County.</subfield><subfield code="2">fast</subfield><subfield code="0">(OCoLC)fst01211410</subfield></datafield><datafield ind1=" " ind2=" " tag="752"><subfield code="a">United States</subfield><subfield code="b">Tennessee</subfield><subfield code="c">Maury</subfield><subfield code="d">Columbia.</subfield></datafield></record>